@article{gisin2002quantum,
  title={Quantum cryptography},
  author={Gisin, Nicolas and Ribordy, Gr{\'e}goire and Tittel, Wolfgang and Zbinden, Hugo},
  journal={Reviews of modern physics},
  volume={74},
  number={1},
  pages={145},
  year={2002},
  publisher={APS}
}

@article{bennett2004quantum,
  title={A Quantum Information Science and Technology Roadmap},
  author={Bennett, Charles H and Brassard, Gilles},
  journal={Part},
  volume={2},
  pages={12},
  year={2004}
}

@misc{bennett1984proceedings,
  title={Proceedings of the ieee international conference on computers, systems and signal processing},
  author={Bennett, Charles H and Brassard, Gilles},
  year={1984},
  publisher={IEEE New York}
}

@article{bennett1992quantum,
  title={Quantum cryptography using any two nonorthogonal states},
  author={Bennett, Charles H},
  journal={Physical review letters},
  volume={68},
  number={21},
  pages={3121},
  year={1992},
  publisher={APS}
}

@article{lounis2005single,
  title={Single-photon sources},
  author={Lounis, Brahim and Orrit, Michel},
  journal={Reports on Progress in Physics},
  volume={68},
  number={5},
  pages={1129},
  year={2005},
  publisher={IOP Publishing}
}

@article{eisaman2011invited,
  title={Invited review article: Single-photon sources and detectors},
  author={Eisaman, Matthew D and Fan, Jingyun and Migdall, Alan and Polyakov, Sergey V},
  journal={Review of scientific instruments},
  volume={82},
  number={7},
  pages={071101},
  year={2011},
  publisher={American Institute of Physics}
}

@article{ShieldsAndrewJ2007Sqls,
keywords = {Optics ; Physical Sciences ; Physics ; Physics, Applied ; Science & Technology},
abstract = {Lasers and LEDs have a statistical distribution in the number of photons emitted within a given time interval. Applications exploiting the quantum properties of light require sources for which either individual photons, or pairs, are generated in a regulated stream. Here we review recent research on single-photon sources based on the emission of a single semiconductor quantum dot. In just a few years remarkable progress has been made in generating indistinguishable single photons and entangled-photon pairs using such structures. This suggests that it may be possible to realize compact, robust, LED-like semiconductor devices for quantum light generation.},
author = {Shields, Andrew J},
address = {LONDON},
copyright = {Copyright Nature Publishing Group Apr 2007},
issn = {1749-4885},
journal = {Nature photonics},
language = {eng},
number = {4},
pages = {215-223},
publisher = {Springer Nature},
title = {Semiconductor quantum light sources},
volume = {1},
year = {2007},
}

@article{strauf2007high,
  title={High-frequency single-photon source with polarization control},
  author={Strauf, Stefan and Stoltz, Nick G and Rakher, Matthew T and Coldren, Larry A and Petroff, Pierre M and Bouwmeester, Dirk},
  journal={Nature photonics},
  volume={1},
  number={12},
  pages={704--708},
  year={2007},
  publisher={Nature Publishing Group}
}

@article{hennrich2004photon,
  title={Photon statistics of a non-stationary periodically driven single-photon source},
  author={Hennrich, Markus and Legero, Thomas and Kuhn, Axel and Rempe, Gerhard},
  journal={New Journal of Physics},
  volume={6},
  number={1},
  pages={86},
  year={2004},
  publisher={IOP Publishing}
}

@article{wilk2007single,
  title={Single-atom single-photon quantum interface},
  author={Wilk, Tatjana and Webster, Simon C and Kuhn, Axel and Rempe, Gerhard},
  journal={Science},
  volume={317},
  number={5837},
  pages={488--490},
  year={2007},
  publisher={American Association for the Advancement of Science}
}

@article{maurer2004single,
  title={A single-photon source based on a single Ca+ ion},
  author={Maurer, Christian and Becher, Christoph and Russo, Carlos and Eschner, J{\"u}rgen and Blatt, Rainer},
  journal={New journal of physics},
  volume={6},
  number={1},
  pages={94},
  year={2004},
  publisher={IOP Publishing}
}

@article{u2004efficient,
  title={Efficient conditional preparation of high-fidelity single photon states for fiber-optic quantum networks},
  author={Uâ€™Ren, Alfred B and Silberhorn, Christine and Banaszek, Konrad and Walmsley, Ian A},
  journal={Physical review letters},
  volume={93},
  number={9},
  pages={093601},
  year={2004},
  publisher={APS}
}

@article{sharping2001observation,
  title={Observation of twin-beam-type quantum correlation in optical fiber},
  author={Sharping, Jay E and Fiorentino, Marco and Kumar, Prem},
  journal={Optics letters},
  volume={26},
  number={6},
  pages={367--369},
  year={2001},
  publisher={Optical Society of America}
}

@article{goldschmidt2008spectrally,
  title={Spectrally bright and broad fiber-based heralded single-photon source},
  author={Goldschmidt, Elizabeth A and Eisaman, Matthew D and Fan, Jingyun and Polyakov, Sergey V and Migdall, Alan},
  journal={Physical Review A},
  volume={78},
  number={1},
  pages={013844},
  year={2008},
  publisher={APS}
}

@article{pan2019elucidating,
  title={Elucidating energy pathways through simultaneous measurement of absorption and transmission in a coupled plasmonic--photonic cavity},
  author={Pan, Feng and Smith, Kevin C and Nguyen, Hoang L and Knapper, Kassandra A and Masiello, David J and Goldsmith, Randall H},
  journal={Nano Letters},
  volume={20},
  number={1},
  pages={50--58},
  year={2019},
  publisher={ACS Publications}
}

@article{qin2010design,
  title={Design of Kerr-effect sensitive microcavity in nonlinear photonic crystal slabs for all-optical switching},
  author={Qin, Fei and Liu, Ye and Meng, Zi-Ming and Li, Zhi-Yuan},
  journal={Journal of Applied Physics},
  volume={108},
  number={5},
  pages={053108},
  year={2010},
  publisher={American Institute of Physics}
}

@article{liu200910,
  title={10 fs ultrafast all-optical switching in polystyrene nonlinear photonic crystals},
  author={Liu, Ye and Qin, Fei and Wei, Zhi-Yi and Meng, Qing-Bo and Zhang, Dao-Zhong and Li, Zhi-Yuan},
  journal={Applied Physics Letters},
  volume={95},
  number={13},
  pages={131116},
  year={2009},
  publisher={American Institute of Physics}
}

@article{krausz1989optical,
  title={Optical third-harmonic generation in polyacetylene},
  author={Krausz, F and Wintner, E and Leising, G},
  journal={Physical Review B},
  volume={39},
  number={6},
  pages={3701},
  year={1989},
  publisher={APS}
}

@article{wong1991studies,
  title={Studies of resonant and preresonant femtosecond degenerate four-wave mixing in unoriented conducting polymers},
  author={Wong, KS and Han, SG and Vardeny, ZV},
  journal={Journal of applied physics},
  volume={70},
  number={3},
  pages={1896--1898},
  year={1991},
  publisher={American Institute of Physics}
}

@article{spillane2002ultralow,
  title={Ultralow-threshold Raman laser using a spherical dielectric microcavity},
  author={Spillane, SM and Kippenberg, TJ and Vahala, KJ},
  journal={Nature},
  volume={415},
  number={6872},
  pages={621--623},
  year={2002},
  publisher={Nature Publishing Group}
}

@misc{scully1999quantum,
  title={Quantum optics},
  author={Scully, Marlan O and Zubairy, M Suhail},
  year={1999},
  publisher={American Association of Physics Teachers}
}

@misc{tannoudji1992atom,
  title={Atom-photon interactions},
  author={Tannoudji, Claude Cohen and Grynberg, Gilbert and Dupont-Roe, J},
  year={1992},
  publisher={New York, NY (United States); John Wiley and Sons Inc.}
}

@article{finkelstein2015fano,
  title={Fano-Liouville spectral signatures in open quantum systems},
  author={Finkelstein-Shapiro, Daniel and Urdaneta, Ines and Calatayud, Monica and Atabek, Osman and Mujica, Vladimiro and Keller, Arne},
  journal={Physical Review Letters},
  volume={115},
  number={11},
  pages={113006},
  year={2015},
  publisher={APS}
}

@article{finkelstein2016nonlinear,
  title={Nonlinear Fano interferences in open quantum systems: An exactly solvable model},
  author={Finkelstein-Shapiro, Daniel and Calatayud, Monica and Atabek, Osman and Mujica, Vladimiro and Keller, Arne},
  journal={Physical Review A},
  volume={93},
  number={6},
  pages={063414},
  year={2016},
  publisher={APS}
}

@article{fano1961effects,
  title={Effects of configuration interaction on intensities and phase shifts},
  author={Fano, Ugo},
  journal={Physical Review},
  volume={124},
  number={6},
  pages={1866},
  year={1961},
  publisher={APS}
}

@misc{jackson1999classical,
  title={Classical electrodynamics},
  author={Jackson, John David},
  year={1999},
  publisher={American Association of Physics Teachers}
}

@misc{butcher1990elements,
  title={The elements of nonlinear optics},
  author={Butcher, Paul N and Cotter, David},
  number={9},
  year={1990},
  publisher={Cambridge university press}
}

@article{thakkar2015quantum,
  title={Quantum beats from entangled localized surface plasmons},
  author={Thakkar, Niket and Cherqui, Charles and Masiello, David J},
  journal={ACS Photonics},
  volume={2},
  number={1},
  pages={157--164},
  year={2015},
  publisher={ACS Publications}
}
